%\begin{thebibliography}{9}
%\bibitem{ref:colocation} Abbott, P. "Tricks of the Trade: Legendre-Gauss Quadrature." Mathematica J. 9, 689-691, 2005. 
%\end{thebibliography}


@ARTICLE{2006astro.ph..9591A,
   author = {{Albrecht}, A. and others},
    title = "{Report of the Dark Energy Task Force}",
   journal = {ArXiv e-prints (astro-ph/060959)},
   eprint = {arXiv:1},
  keywords = {Astrophysics},
     year = 2006,
    month = sep,
   adsurl = {http://adsabs.harvard.edu/abs/2006astro.ph..9591A},
  adsnote = {Provided by the SAO/NASA Astrophysics Data System},
  note = {preprint (astro-ph/060959)}
}


%colocation points
@ARTICLE{ref:colocation,
        author = "Abbott, P.",
        title = "Tricks of the Trade: Legendre-Gauss Quadrature",
        journal = "Mathematica J",
        volume = "9",
        year = "2005",
        pages = "689-691",
}

%Phase alignement of non-linear structures
@ARTICLE{2000Natur.406..376C,
   author = {{Coles}, P. and {Chiang}, {L.-Y.}},
    title = "{Characterizing the nonlinear growth of large-scale structure in the Universe}",
  journal = {\nat},
   eprint = {arXiv:astro-ph/0006017},
     year = 2000,
    month = jul,
   volume = 406,
    pages = {376-378},
      doi = {10.1038/35019009},
   adsurl = {http://adsabs.harvard.edu/abs/2000Natur.406..376C},
  adsnote = {Provided by the SAO/NASA Astrophysics Data System}
}

@ARTICLE{2002MNRAS.337..488C,
   author = {{Chiang}, L.-Y. and {Coles}, P. and {Naselsky}, P.},
    title = "{Return mapping of phases and the analysis of the gravitational clustering hierarchy}",
  journal = {\mnras},
   eprint = {arXiv:astro-ph/0207584},
 keywords = {methods: data analysis, techniques: image processing, large-scale structure of Universe},
     year = 2002,
    month = dec,
   volume = 337,
    pages = {488-494},
      doi = {10.1046/j.1365-8711.2002.05931.x},
   adsurl = {http://adsabs.harvard.edu/abs/2002MNRAS.337..488C},
  adsnote = {Provided by the SAO/NASA Astrophysics Data System}
}

@ARTICLE{2002PhR...367....1B,
   author = {{Bernardeau}, F. and {Colombi}, S. and {Gazta{\~n}aga}, E. and 
	{Scoccimarro}, R.},
    title = "{Large-scale structure of the Universe and cosmological perturbation theory}",
  journal = {\physrep},
   eprint = {arXiv:astro-ph/0112551},
     year = 2002,
    month = sep,
   volume = 367,
    pages = {1-248},
      doi = {10.1016/S0370-1573(02)00135-7},
   adsurl = {http://adsabs.harvard.edu/abs/2002PhR...367....1B},
  adsnote = {Provided by the SAO/NASA Astrophysics Data System}
}


@ARTICLE{2000ApJ...544...21G,
   author = {{Goldberg}, D.~M. and {Spergel}, D.~N.},
    title = "{Using Perturbative Least Action to Recover Cosmological Initial Conditions}",
  journal = {\apj},
   eprint = {arXiv:astro-ph/9912408},
 keywords = {Cosmology: Theory, Galaxies: Kinematics and Dynamics, Cosmology: Large-Scale Structure of Universe, Methods: n-Body Simulations, Methods: Numerical},
     year = 2000,
    month = nov,
   volume = 544,
    pages = {21-29},
      doi = {10.1086/317182},
   adsurl = {http://adsabs.harvard.edu/abs/2000ApJ...544...21G},
  adsnote = {Provided by the SAO/NASA Astrophysics Data System}
}

@ARTICLE{2010arXiv1008.3506Z,
   author = {{Zhang}, {T.-J.} and {Yu}, {H.-R.} and {Harnois-D{\'e}raps}, J. and
        {MacDonald}, I. and {Pen}, {U.-L.}},
    title = "{Increasing the Fisher Information Content in the Matter Power Spectrum by Non-linear Wavelet Weiner Filtering}",
  journal = {ArXiv e-prints},
archivePrefix = "arXiv",
   eprint = {1008.3506},
 primaryClass = "astro-ph.CO",
 keywords = {Astrophysics - Cosmology and Extragalactic Astrophysics},
     year = 2010,
    month = aug,
   adsurl = {http://adsabs.harvard.edu/abs/2010arXiv1008.3506Z},
  adsnote = {Provided by the SAO/NASA Astrophysics Data System}
}

@ARTICLE{2010arXiv1012.0444Y,
   author = {{Yu}, {H.-R.} and {Zhang}, {T.-J.} and {Harnois-D{\'e}raps}, J. and
        {Pen}, {U.-L.}},
    title = "{Information Content in the Angular Power Spectrum of Weak Lensing: Wavelet Method}",
  journal = {ArXiv e-prints},
archivePrefix = "arXiv",
   eprint = {1012.0444},
 primaryClass = "astro-ph.CO",
 keywords = {Astrophysics - Cosmology and Extragalactic Astrophysics},
     year = 2010,
    month = dec,
   adsurl = {http://adsabs.harvard.edu/abs/2010arXiv1012.0444Y},
  adsnote = {Provided by the SAO/NASA Astrophysics Data System}
}

@ARTICLE{2010arXiv1008.0349S,
   author = {{Seo}, {H.-J.} and {Sato}, M. and {Dodelson}, S. and {Jain}, B. and 
	{Takada}, M.},
    title = "{Re-capturing cosmic information}",
  journal = {ArXiv e-prints},
archivePrefix = "arXiv",
   eprint = {1008.0349},
 primaryClass = "astro-ph.CO",
 keywords = {Astrophysics - Cosmology and Extragalactic Astrophysics},
     year = 2010,
    month = aug,
   adsurl = {http://adsabs.harvard.edu/abs/2010arXiv1008.0349S},
  adsnote = {Provided by the SAO/NASA Astrophysics Data System}
}

@ARTICLE{2009ApJ...698L..90N,
   author = {{Neyrinck}, M.~C. and {Szapudi}, I. and {Szalay}, A.~S.},
    title = "{Rejuvenating the Matter Power Spectrum: Restoring Information with a Logarithmic Density Mapping}",
  journal = {\apjl},
archivePrefix = "arXiv",
   eprint = {0903.4693},
 primaryClass = "astro-ph.CO",
 keywords = {cosmology: theory, large-scale structure of universe, methods: statistical},
     year = 2009,
    month = jun,
   volume = 698,
    pages = {L90-L93},
      doi = {10.1088/0004-637X/698/2/L90},
   adsurl = {http://adsabs.harvard.edu/abs/2009ApJ...698L..90N},
  adsnote = {Provided by the SAO/NASA Astrophysics Data System}
}

@ARTICLE{2005MNRAS.360L..82R,
   author = {{Rimes}, C.~D. and {Hamilton}, A.~J.~S.},
    title = "{Information content of the non-linear matter power spectrum}",
  journal = {\mnras},
   eprint = {arXiv:astro-ph/0502081},
     year = 2005,
    month = jun,
   volume = 360,
    pages = {L82-L86},
      doi = {10.1111/j.1745-3933.2005.00051.x},
   adsurl = {http://adsabs.harvard.edu/abs/2005MNRAS.360L..82R},
  adsnote = {Provided by the SAO/NASA Astrophysics Data System}
}

% DATA ANALYSIS WITH GAUSSIAN APPROXIMATION
@ARTICLE{1994ApJ...426...23F,
   author = {{Feldman}, H.~A. and {Kaiser}, N. and {Peacock}, J.~A.},
    title = "{Power-spectrum analysis of three-dimensional redshift surveys}",
  journal = {\apj},
   eprint = {arXiv:astro-ph/9304022},
 keywords = {ASTRONOMICAL MODELS, COSMOLOGY, DARK MATTER, NORMAL DENSITY FUNCTIONS, POWER SPECTRA, RED SHIFT, SKY SURVEYS (ASTRONOMY), THREE DIMENSIONAL MODELS, FOURIER TRANSFORMATION, INFRARED ASTRONOMY SATELLITE, STOCHASTIC PROCESSES, WEIGHTING FUNCTIONS},
     year = 1994,
    month = may,
   volume = 426,
    pages = {23-37},
      doi = {10.1086/174036},
   adsurl = {http://adsabs.harvard.edu/abs/1994ApJ...426...23F},
}

% BAO + SDSS + 2df
@ARTICLE{2007MNRAS.381.1053P,
   author = {{Percival}, W.~J. and {Cole}, S. and {Eisenstein}, D.~J. and
        {Nichol}, R.~C. and {Peacock}, J.~A. and {Pope}, A.~C. and {Szalay}, A.~S.
        },
    title = "{Measuring the Baryon Acoustic Oscillation scale using the Sloan Digital Sky Survey and 2dF Galaxy Redshift Survey}",
  journal = {\mnras},
archivePrefix = "arXiv",
   eprint = {0705.3323},
 keywords = {cosmology: observations , distance scale , large-scale structure of Universe},
     year = 2007,
    month = nov,
   volume = 381,
    pages = {1053-1066},
      doi = {10.1111/j.1365-2966.2007.12268.x},
   adsurl = {http://adsabs.harvard.edu/abs/2007MNRAS.381.1053P},
  adsnote = {Provided by the SAO/NASA Astrophysics Data System}
}

%CfA redshift survey
@ARTICLE{1990ApJS...72..433H,
   author = {{Huchra}, J.~P. and {Geller}, M.~J. and {de Lapparent}, V. and 
	{Corwin}, Jr., H.~G.},
    title = "{The CfA redshift survey - Data for the NGP + 30 zone}",
  journal = {\apjs},
 keywords = {GALAXIES, RED SHIFT, SKY SURVEYS (ASTRONOMY), TABLES (DATA), GALACTIC STRUCTURE, RADIAL VELOCITY, SPATIAL DISTRIBUTION},
     year = 1990,
    month = mar,
   volume = 72,
    pages = {433-470},
      doi = {10.1086/191423},
   adsurl = {http://adsabs.harvard.edu/abs/1990ApJS...72..433H},
  adsnote = {Provided by the SAO/NASA Astrophysics Data System}
}

%2dFGRS
@ARTICLE{2003astro.ph..6581C,
   author = {{Colless}, M. and others},
    title = "{The 2dF Galaxy Redshift Survey: Final Data Release}",
  journal = {ArXiv e-prints (astro-ph/0306581)},
   eprint = {arXiv:astro-ph/0306581},
 keywords = {Astrophysics},
     year = 2003,
    month = jun,
   adsurl = {http://adsabs.harvard.edu/abs/2003astro.ph..6581C},
  adsnote = {Provided by the SAO/NASA Astrophysics Data System}
}

%2dFGRS power spectrum
@ARTICLE{2001MNRAS.327.1297P,
   author = {{Percival}, W.~J. and others},
    title = "{The 2dF Galaxy Redshift Survey: the power spectrum and the matter content of the Universe}",
  journal = {\mnras},
   eprint = {arXiv:astro-ph/0105252},
 keywords = {COSMOLOGICAL PARAMETERS, LARGE-SCALE STRUCTURE OF UNIVERSE},
     year = 2001,
    month = nov,
   volume = 327,
    pages = {1297-1306},
      doi = {10.1046/j.1365-8711.2001.04827.x},
   adsurl = {http://adsabs.harvard.edu/abs/2001MNRAS.327.1297P},
  adsnote = {Provided by the SAO/NASA Astrophysics Data System}
}



%SDSS
@ARTICLE{2000AJ....120.1579Y,
   author = {{York}, D.~G. and others},
    title = "{The Sloan Digital Sky Survey: Technical Summary}",
  journal = {\aj},
   eprint = {arXiv:astro-ph/0006396},
 keywords = {Cosmology: Observations, Instrumentation: Miscellaneous},
     year = 2000,
    month = sep,
   volume = 120,
    pages = {1579-1587},
      doi = {10.1086/301513},
   adsurl = {http://adsabs.harvard.edu/abs/2000AJ....120.1579Y},
  adsnote = {Provided by the SAO/NASA Astrophysics Data System}
}


%Wiggle-Z BAO
@ARTICLE{2011arXiv1105.2862B,
   author = {{Blake}, C. and others},
    title = "{The WiggleZ Dark Energy Survey: testing the cosmological model with baryon acoustic oscillations at z=0.6}",
  journal = {ArXiv e-prints (astro-ph/1105.2862)},
archivePrefix = "arXiv",
   eprint = {1105.2862},
 primaryClass = "astro-ph.CO",
 keywords = {Astrophysics - Cosmology and Extragalactic Astrophysics},
     year = 2011,
    month = may,
   adsurl = {http://adsabs.harvard.edu/abs/2011arXiv1105.2862B},
  adsnote = {Provided by the SAO/NASA Astrophysics Data System}
}

%Wiggle-z survey
@ARTICLE{2010MNRAS.401.1429D,
   author = {{Drinkwater}, M.~J. and others},
    title = "{The WiggleZ Dark Energy Survey: survey design and first data release}",
  journal = {\mnras},
archivePrefix = "arXiv",
   eprint = {0911.4246},
 primaryClass = "astro-ph.CO",
 keywords = {surveys, galaxies: high-redshift, galaxies: photometry, galaxies: starburst, cosmology: observations, ultraviolet: galaxies},
     year = 2010,
    month = jan,
   volume = 401,
    pages = {1429-1452},
      doi = {10.1111/j.1365-2966.2009.15754.x},
   adsurl = {http://adsabs.harvard.edu/abs/2010MNRAS.401.1429D},
  adsnote = {Provided by the SAO/NASA Astrophysics Data System}
}

%Wiggle-z selection function
@ARTICLE{2010MNRAS.406..803B,
   author = {{Blake}, C. and others},
    title = "{The WiggleZ Dark Energy Survey: the selection function and z = 0.6 galaxy power spectrum}",
  journal = {\mnras},
archivePrefix = "arXiv",
   eprint = {1003.5721},
 primaryClass = "astro-ph.CO",
 keywords = {surveys, cosmological parameters, large-scale structure of Universe},
     year = 2010,
    month = aug,
   volume = 406,
    pages = {803-821},
      doi = {10.1111/j.1365-2966.2010.16747.x},
   adsurl = {http://adsabs.harvard.edu/abs/2010MNRAS.406..803B},
  adsnote = {Provided by the SAO/NASA Astrophysics Data System}
}



%Euclid
@INPROCEEDINGS{2010ASPC..430..266B,
   author = {{Beaulieu}, J.~P. and others},
    title = "{EUCLID: Dark Universe Probe and Microlensing Planet Hunter}",
booktitle = {Pathways Towards Habitable Planets},
     year = 2010,
   series = {Astronomical Society of the Pacific Conference Series},
   volume = 430,
archivePrefix = "arXiv",
   eprint = {1001.3349},
 primaryClass = "astro-ph.EP",
   editor = "{V.~Coud{\'e} Du Foresto, D.~M.~Gelino, \& I.~Ribas}",
    month = oct,
    pages = {266-+},
   adsurl = {http://adsabs.harvard.edu/abs/2010ASPC..430..266B},
  adsnote = {Provided by the SAO/NASA Astrophysics Data System}
}

% Japan paper #3
@ARTICLE{2011ApJ...726....7T,
   author = {{Takahashi}, R. and others},
    title = "{Non-Gaussian Error Contribution to Likelihood Analysis of the Matter Power Spectrum}",
  journal = {\apj},
archivePrefix = "arXiv",
   eprint = {0912.1381},
 primaryClass = "astro-ph.CO",
 keywords = {cosmology: theory, large-scale structure of universe},
     year = 2011,
    month = jan,
   volume = 726,
    pages = {7-+},
      doi = {10.1088/0004-637X/726/1/7},
   adsurl = {http://adsabs.harvard.edu/abs/2011ApJ...726....7T},
  adsnote = {Provided by the SAO/NASA Astrophysics Data System}
}


%2dFGRS selection function
@ARTICLE{2002MNRAS.336..907N,
   author = {{Norberg}, P. and others},
    title = "{The 2dF Galaxy Redshift Survey: the $b_{J}$-band galaxy luminosity function and survey selection function}",
  journal = {\mnras},
   eprint = {arXiv:astro-ph/0111011},
 keywords = {catalogues, surveys, galaxies: distances and redshifts, galaxies: luminosity function, mass function, large-scale structure of Universe},
     year = 2002,
    month = nov,
   volume = 336,
    pages = {907-931},
      doi = {10.1046/j.1365-8711.2002.05831.x},
   adsurl = {http://adsabs.harvard.edu/abs/2002MNRAS.336..907N},
  adsnote = {Provided by the SAO/NASA Astrophysics Data System}
}

%LSST
@ARTICLE{2009arXiv0912.0201L,
   author = {{LSST Science Collaborations} and others},
    title = "{LSST Science Book, Version 2.0}",
  journal = {ArXiv e-prints (astro-ph/0912.0201)},
archivePrefix = "arXiv",
   eprint = {0912.0201},
 primaryClass = "astro-ph.IM",
 keywords = {Astrophysics - Instrumentation and Methods for Astrophysics, Astrophysics - Cosmology and Extragalactic Astrophysics, Astrophysics - Earth and Planetary Astrophysics, Astrophysics - Galaxy Astrophysics, Astrophysics - Solar and Stellar Astrophysics},
     year = 2009,
    month = dec,
   adsurl = {http://adsabs.harvard.edu/abs/2009arXiv0912.0201L},
  adsnote = {Provided by the SAO/NASA Astrophysics Data System}
}


% BAO DETECTION
@Article{Eisenstein:2005su,
     author    = "Eisenstein, Daniel J. and others",
 collaboration = "SDSS",
     title     = "{Detection of the Baryon Acoustic Peak in the Large-Scale
                  Correlation Function of SDSS Luminous Red Galaxies}",
     journal   = {\apj},
     volume    = "633",
     year      = "2005",
     pages     = "560-574",
     eprint    = "astro-ph/0501171",
     archivePrefix = "arXiv",
     doi       = "10.1086/466512",
     SLACcitation  = "%%CITATION = ASTRO-PH/0501171;%%"
}

%Japaneese II

@ARTICLE{2009ApJ...700..479T,
   author = {{Takahashi}, R. and others},
    title = "{Simulations of Baryon Acoustic Oscillations. II. Covariance Matrix of the Matter Power Spectrum}",
  journal = {\apj},
archivePrefix = "arXiv",
   eprint = {0902.0371},
 primaryClass = "astro-ph.CO",
 keywords = {large-scale structure of universe, cosmology: theory},
     year = 2009,
    month = jul,
   volume = 700,
    pages = {479-490},
      doi = {10.1088/0004-637X/700/1/479},
   adsurl = {http://adsabs.harvard.edu/abs/2009ApJ...700..479T},
  adsnote = {Provided by the SAO/NASA Astrophysics Data System}
}



%SDSS P(k)
@ARTICLE{2006A&A...449..891H,
   author = {{H{\"u}tsi}, G.},
    title = "{Acoustic oscillations in the SDSS DR4 luminous red galaxy sample power spectrum}",
  journal = {\aap},
   eprint = {arXiv:astro-ph/0512201},
 keywords = {large-scale structure of Universe},
     year = 2006,
    month = apr,
   volume = 449,
    pages = {891-902},
      doi = {10.1051/0004-6361:20053939},
   adsurl = {http://adsabs.harvard.edu/abs/2006A%26A...449..891H},
  adsnote = {Provided by the SAO/NASA Astrophysics Data System}
}


%@ARTICLE{2009arXiv0905.0499L,
   author = {{Lu}, T. and {Pen}, U.-L. and {Dor{\'e}}, O.},
    title = "{Dark Energy from Large-Scale Structure Lensing Information}",
  journal = {ArXiv e-prints},
archivePrefix = "arXiv",
   eprint = {0905.0499},
 keywords = {Astrophysics - Cosmology and Extragalactic Astrophysics},
     year = 2009,
    month = may,
   adsurl = {http://adsabs.harvard.edu/abs/2009arXiv0905.0499L},
  adsnote = {Provided by the SAO/NASA Astrophysics Data System}
}

@ARTICLE{2010PhRvD..81l3015L,
   author = {{Lu}, T. and {Pen}, U.-L. and {Dor{\'e}}, O.},
    title = "{Dark energy from large-scale structure lensing information}",
  journal = {\prd},
archivePrefix = "arXiv",
   eprint = {0905.0499},
 primaryClass = "astro-ph.CO",
 keywords = {Superclusters; large-scale structure of the Universe, Dark energy, Gravitational lenses and luminous arcs},
     year = 2010,
    month = jun,
   volume = 81,
   number = 12,
    pages = {123015-+},
      doi = {10.1103/PhysRevD.81.123015},
   adsurl = {http://adsabs.harvard.edu/abs/2010PhRvD..81l3015L},
  adsnote = {Provided by the SAO/NASA Astrophysics Data System}
}



% Forecast of DE with 21cm lensing
@ARTICLE{2009MNRAS.394..704M,
   author = {{Metcalf}, R.~B. and {White}, S.~D.~M.},
    title = "{Cosmological information in the gravitational lensing of pregalactic HI}",
  journal = {\mnras},
archivePrefix = "arXiv",
   eprint = {0801.2571},
 keywords = {gravitational lensing , intergalactic medium , dark matter , large-scale structure of Universe},
     year = 2009,
    month = apr,
   volume = 394,
    pages = {704-714},
      doi = {10.1111/j.1365-2966.2009.14401.x},
   adsurl = {http://adsabs.harvard.edu/abs/2009MNRAS.394..704M},
  adsnote = {Provided by the SAO/NASA Astrophysics Data System}
}

%optimal quadratic deflection angle estimator 
@ARTICLE{2002ApJ...574..566H,
   author = {{Hu}, W. and {Okamoto}, T.},
    title = "{Mass Reconstruction with Cosmic Microwave Background Polarization}",
  journal = {\apj},
   eprint = {arXiv:astro-ph/0111606},
 keywords = {Cosmology: Cosmic Microwave Background, Cosmology: Dark Matter, Cosmology: Large-Scale Structure of Universe},
     year = 2002,
    month = aug,
   volume = 574,
    pages = {566-574},
      doi = {10.1086/341110},
   adsurl = {http://adsabs.harvard.edu/abs/2002ApJ...574..566H},
  adsnote = {Provided by the SAO/NASA Astrophysics Data System}
}

%optimal quadratic 21cm estimator 
@ARTICLE{2006ApJ...653..922Z,
   author = {{Zahn}, O. and {Zaldarriaga}, M.},
    title = "{Lensing Reconstruction Using Redshifted 21 Centimeter Fluctuations}",
  journal = {\apj},
   eprint = {arXiv:astro-ph/0511547},
 keywords = {Cosmology: Theory, Cosmology: Diffuse Radiation, Cosmology: Large-Scale Structure of Universe},
     year = 2006,
    month = dec,
   volume = 653,
    pages = {922-935},
      doi = {10.1086/508916},
   adsurl = {http://adsabs.harvard.edu/abs/2006ApJ...653..922Z},
  adsnote = {Provided by the SAO/NASA Astrophysics Data System}
}



%CMBFAST
@ARTICLE{1996ApJ...469..437S,
   author = {{Seljak}, U. and {Zaldarriaga}, M.},
    title = "{A Line-of-Sight Integration Approach to Cosmic Microwave Background Anisotropies}",
  journal = {\apj},
   eprint = {arXiv:astro-ph/9603033},
 keywords = {COSMOLOGY: COSMIC MICROWAVE BACKGROUND, COSMOLOGY: THEORY, METHODS: NUMERICAL},
     year = 1996,
    month = oct,
   volume = 469,
    pages = {437-+},
      doi = {10.1086/177793},
   adsurl = {http://adsabs.harvard.edu/abs/1996ApJ...469..437S},
  adsnote = {Provided by the SAO/NASA Astrophysics Data System}
}

%CAMB
@Article{Lewis:1999bs,
     author    = "Lewis, Antony and Challinor, Anthony and Lasenby, Anthony",
     title     = "Efficient Computation of {CMB} anisotropies in closed {FRW}
                  models",
     journal   = "Astrophys. J.",
     volume    = "538",
     year      = "2000",
     pages     = "473-476",
     eprint    = "astro-ph/9911177",

     SLACcitation  = "%%CITATION = ASTRO-PH 9911177;%%"
}

@ARTICLE{2010MNRAS.408.1168B,
   author = {{Benjamin}, J. and {van Waerbeke}, L. and {M{\'e}nard}, B. and
        {Kilbinger}, M.},
    title = "{Photometric redshifts: estimating their contamination and distribution using clustering information}",
  journal = {\mnras},
archivePrefix = "arXiv",
   eprint = {1002.2266},
 primaryClass = "astro-ph.CO",
 keywords = {methods: analytical, techniques: photometric, galaxies: distances and redshifts, galaxies: photometry, large-scale structure of Universe},
     year = 2010,
    month = oct,
   volume = 408,
    pages = {1168-1180},
      doi = {10.1111/j.1365-2966.2010.17191.x},
   adsurl = {http://adsabs.harvard.edu/abs/2010MNRAS.408.1168B},
  adsnote = {Provided by the SAO/NASA Astrophysics Data System}
}

% Contaminations in 2pts
@ARTICLE{2006MNRAS.371..750H,
   author = {{Heymans}, C. and {White}, M. and {Heavens}, A. and {Vale}, C. and 
	{van Waerbeke}, L.},
    title = "{Potential sources of contamination to weak lensing measurements: constraints from N-body simulations}",
  journal = {\mnras},
   eprint = {arXiv:astro-ph/0604001},
 keywords = {gravitational lensing: cosmology: observations: large-scale structure of Universe, gravitational lensing, cosmology: observations, large-scale structure of Universe},
     year = 2006,
    month = sep,
   volume = 371,
    pages = {750-760},
      doi = {10.1111/j.1365-2966.2006.10705.x},
   adsurl = {http://adsabs.harvard.edu/abs/2006MNRAS.371..750H},
  adsnote = {Provided by the SAO/NASA Astrophysics Data System}
}

 %Contaminations in 3pts
@ARTICLE{2008MNRAS.388..991S,
   author = {{Semboloni}, E. and {Heymans}, C. and {van Waerbeke}, L. and 
	{Schneider}, P.},
    title = "{Sources of contamination to weak lensing three-point statistics: constraints from N-body simulations}",
  journal = {\mnras},
archivePrefix = "arXiv",
   eprint = {0802.3978},
 keywords = {gravitational lensing , cosmology: theory , large-scale structure of Universe},
     year = 2008,
    month = aug,
   volume = 388,
    pages = {991-1000},
      doi = {10.1111/j.1365-2966.2008.13478.x},
   adsurl = {http://adsabs.harvard.edu/abs/2008MNRAS.388..991S},
  adsnote = {Provided by the SAO/NASA Astrophysics Data System}
}
%FFTW3
@INPROCEEDINGS{FFTW3,
    author = {{Frigo},M. and {Johnson}, S.},
    title = "{The Design and Implementation of FFTW3}" ,
    booktitle  = "{Proceedings of the IEEE}",
    year  = 2005,
    volume = 93, 
    pages = {216-231}
}

@ARTICLE{2011arXiv1106.5548N,
   author = {{Ngan}, W.-H.~W. and {Harnois-D{\'e}raps}, J. and {Pen}, U.-L. and 
	{McDonald}, P. and {MacDonald}, I.},
    title = "{Non-Gaussian errors of baryonic acoustic oscillations}",
  journal = {ArXiv e-prints (astro-ph/1106.5548)},
archivePrefix = "arXiv",
   eprint = {1106.5548},
 primaryClass = "astro-ph.CO",
 keywords = {Astrophysics - Cosmology and Extragalactic Astrophysics},
     year = 2011,
    month = jun,
   adsurl = {http://adsabs.harvard.edu/abs/2011arXiv1106.5548N},
  adsnote = {Provided by the SAO/NASA Astrophysics Data System}
}


@unpublished{Harnois2011,
author = {{Harnois-Deraps}, J. and  {Pen}, U.},
title = "{Estimating  Non-Gaussian Error Bars in Galaxy Surveys (Part 2)}",
year = 2011,
note = "{in prep.}"
}

%PMFAST
@ARTICLE{2005NewA...10..393M,
   author = {{Merz}, H. and {Pen}, U.-L. and {Trac}, H.},
    title = "{Towards optimal parallel PM N-body codes: PMFAST}",
  journal = {New Astronomy},
   eprint = {arXiv:astro-ph/0402443},
 keywords = {02.60.{\minus}Cb, 95.75.Pq, 98.80{\minus}k},
     year = 2005,
    month = apr,
   volume = 10,
    pages = {393-407},
      doi = {10.1016/j.newast.2005.02.001},
   adsurl = {http://adsabs.harvard.edu/abs/2005NewA...10..393M},
  adsnote = {Provided by the SAO/NASA Astrophysics Data System}
}

% FUTURE BAO + Ly_alpha
@ARTICLE{2007PhRvD..76f3009M,
   author = {{McDonald}, P. and {Eisenstein}, D.~J.},
    title = "{Dark energy and curvature from a future baryonic acoustic oscillation survey using the Lyman-{$\alpha$} forest}",
  journal = {\prd},
   eprint = {arXiv:astro-ph/0607122},
     year = 2007,
    month = sep,
   volume = 76,
   number = 6,
    pages = {063009-+},
      doi = {10.1103/PhysRevD.76.063009},
   adsurl = {http://adsabs.harvard.edu/abs/2007PhRvD..76f3009M},
  adsnote = {Provided by the SAO/NASA Astrophysics Data System}
}


%CHIME
@ARTICLE{2006astro.ph..6104P,
   author = {{Peterson}, J.~B. and {Bandura}, K. and {Pen}, U.~L.},
    title = "{The Hubble Sphere Hydrogen Survey}",
  journal = {ArXiv  e-prints (astro-ph/0606104)},
   eprint = {arXiv:astro-ph/0606104},
 keywords = {Astrophysics},
     year = 2006,
    month = jun,
   adsurl = {http://adsabs.harvard.edu/abs/2006astro.ph..6104P},
  adsnote = {Provided by the SAO/NASA Astrophysics Data System}
}

%PAU SURVEY
@ARTICLE{2009ApJ...691..241B,
   author = {{Ben{\'{\i}}tez}, N. and others},
    title = "{Measuring Baryon Acoustic Oscillations Along the Line of Sight with Photometric Redshifts: The PAU Survey}",
  journal = {\apj},
archivePrefix = "arXiv",
   eprint = {0807.0535},
 keywords = {cosmological parameters, large-scale structure of universe },
     year = 2009,
    month = jan,
   volume = 691,
    pages = {241-260},
      doi = {10.1088/0004-637X/691/1/241},
   adsurl = {http://adsabs.harvard.edu/abs/2009ApJ...691..241B},
  adsnote = {Provided by the SAO/NASA Astrophysics Data System}
}

% BOSS
@ARTICLE{2009arXiv0902.4680S,
   author = {{Schlegel}, D. and {White}, M. and {Eisenstein}, D.},
    title = "{The Baryon Oscillation Spectroscopic Survey: Precision measurements of the absolute cosmic distance scale}",
  journal = {ArXiv e-prints (astro-ph/0902.4680)},
archivePrefix = "arXiv",
   eprint = {0902.4680},
 keywords = {Astrophysics - Cosmology and Extragalactic Astrophysics, Astrophysics - Galaxy Astrophysics},
     year = 2009,
    month = feb,
   adsurl = {http://adsabs.harvard.edu/abs/2009arXiv0902.4680S},
  adsnote = {Provided by the SAO/NASA Astrophysics Data System}
}
% ADEPT
@ARTICLE{2008PhRvD..78d3514A,
   author = {{Acquaviva}, V. and {Hajian}, A. and {Spergel}, D.~N. and {Das}, S.},
    title = "{Next generation redshift surveys and the origin of cosmic acceleration}",
  journal = {\prd},
archivePrefix = "arXiv",
   eprint = {0803.2236},
     year = 2008,
    month = aug,
   volume = 78,
   number = 4,
    pages = {043514-+},
      doi = {10.1103/PhysRevD.78.043514},
   adsurl = {http://adsabs.harvard.edu/abs/2008PhRvD..78d3514A},
  adsnote = {Provided by the SAO/NASA Astrophysics Data System}
}

%Dark energy from sdss with PKL.
@ARTICLE{2006PhRvD..74l3507T,
   author = {{Tegmark}, M. and others},
    title = "{Cosmological constraints from the SDSS luminous red galaxies}",
  journal = {\prd},
   eprint = {arXiv:astro-ph/0608632},
 keywords = {Observational cosmology},
     year = 2006,
    month = dec,
   volume = 74,
   number = 12,
    pages = {123507-+},
      doi = {10.1103/PhysRevD.74.123507},
   adsurl = {http://adsabs.harvard.edu/abs/2006PhRvD..74l3507T},
  adsnote = {Provided by the SAO/NASA Astrophysics Data System}
}

% PKL method
@ARTICLE{1996ApJ...465...34V,
   author = {{Vogeley}, M.~S. and {Szalay}, A.~S.},
    title = "{Eigenmode Analysis of Galaxy Redshift Surveys. I. Theory and Methods}",
  journal = {\apj},
   eprint = {arXiv:astro-ph/9601185},
 keywords = {COSMOLOGY: OBSERVATIONS, GALAXIES: DISTANCES AND REDSHIFTS, COSMOLOGY: LARGE-SCALE STRUCTURE OF UNIVERSE, METHODS: STATISTICAL},
     year = 1996,
    month = jul,
   volume = 465,
    pages = {34-+},
      doi = {10.1086/177399},
   adsurl = {http://adsabs.harvard.edu/abs/1996ApJ...465...34V},
  adsnote = {Provided by the SAO/NASA Astrophysics Data System}
}

% P(k) before FKP
@ARTICLE{1994ApJ...431..569P,
   author = {{Park}, C. and {Vogeley}, M.~S. and {Geller}, M.~J. and {Huchra}, J.~P.
	},
    title = "{Power spectrum, correlation function, and tests for luminosity bias in the CfA redshift survey}",
  journal = {\apj},
 keywords = {DARK MATTER, DATA CORRELATION, GALACTIC CLUSTERS, LUMINOSITY, POWER SPECTRA, RED SHIFT, COMPUTERIZED SIMULATION, COSMOLOGY, GALACTIC EVOLUTION, MANY BODY PROBLEM, NORMAL DENSITY FUNCTIONS},
     year = 1994,
    month = aug,
   volume = 431,
    pages = {569-585},
      doi = {10.1086/174508},
   adsurl = {http://adsabs.harvard.edu/abs/1994ApJ...431..569P},
  adsnote = {Provided by the SAO/NASA Astrophysics Data System}
}

% power spectrum aliasing
@ARTICLE{2005ApJ...620..559J,
   author = {{Jing}, Y.~P.},
    title = "{Correcting for the Alias Effect When Measuring the Power Spectrum Using a Fast Fourier Transform}",
  journal = {\apj},
   eprint = {arXiv:astro-ph/0409240},
 keywords = {Galaxies: Clusters: General, Cosmology: Large-Scale Structure of Universe, Methods: Data Analysis, Methods: Statistical},
     year = 2005,
    month = feb,
   volume = 620,
    pages = {559-563},
      doi = {10.1086/427087},
   adsurl = {http://adsabs.harvard.edu/abs/2005ApJ...620..559J},
  adsnote = {Provided by the SAO/NASA Astrophysics Data System}
}

%SKA
@INPROCEEDINGS{2008AIPC.1035..303L,
   author = {{Lazio}, J.},
    title = "{The Square Kilometer Array}",
 keywords = {Cosmology, Radio telescopes and instrumentation; heterodyne receivers, Interstellar medium  and nebulae in external galaxies, Characteristics and properties of the Milky Way galaxy, Astronomical catalogs, atlases, sky surveys, databases, retrieval systems, archives, etc., Interferometry},
booktitle = {The Evolution of Galaxies Through the Neutral Hydrogen Window},
     year = 2008,
   series = {American Institute of Physics Conference Series},
   volume = 1035,
   editor = "{R.~Minchin \& E.~Momjian}",
    month = aug,
    pages = {303-309},
      doi = {10.1063/1.2973606},
   adsurl = {http://adsabs.harvard.edu/abs/2008AIPC.1035..303L},
  adsnote = {Provided by the SAO/NASA Astrophysics Data System}
}

%Fisher and P(k)
@Article{Tegmark:1997rp,
     author    = "Tegmark, Max",
     title     = "{Measuring cosmological parameters with galaxy surveys}",
     journal   = "Phys. Rev. Lett.",
     volume    = "79",
     year      = "1997",
     pages     = "3806-3809",
     eprint    = "astro-ph/9706198",
     archivePrefix = "arXiv",
     doi       = "10.1103/PhysRevLett.79.3806",
     SLACcitation  = "%%CITATION = ASTRO-PH/9706198;%%"
}

%INFO + HALO
@Article{Neyrinck:2006xd,
     author    = "Neyrinck, Mark C. and Szapudi, Istvan and Rimes,
                  Christopher D.",
     title     = "{The cosmological information content of the halo-model
                  dark-matter power spectrum}",
     journal   = {\mnras},
     volume    = "370",
     year      = "2006",
     pages     = "L66-L70",
     eprint    = "astro-ph/0604282",
     archivePrefix = "arXiv",
     SLACcitation  = "%%CITATION = ASTRO-PH/0604282;%%"
}

@ARTICLE{2005MNRAS.362..505C,
   author = {{Cole}, S. and others},
    title = "{The 2dF Galaxy Redshift Survey: power-spectrum analysis of the final data set and cosmological implications}",
  journal = {\mnras},
   eprint = {arXiv:astro-ph/0501174},
 keywords = {cosmological parameters, large-scale structure of Universe},
     year = 2005,
    month = sep,
   volume = 362,
    pages = {505-534},
      doi = {10.1111/j.1365-2966.2005.09318.x},
   adsurl = {http://adsabs.harvard.edu/abs/2005MNRAS.362..505C},
  adsnote = {Provided by the SAO/NASA Astrophysics Data System}
}


%Deconvolution of P(k)
@ARTICLE{2011PThPh.125..187S,
   author = {{Sato}, T. and {H{\"u}tsi}, G. and {Yamamoto}, K.},
    title = "{Deconvolution of Window Effect in Galaxy Power Spectrum Analysis}",
  journal = {Progress of Theoretical Physics},
archivePrefix = "arXiv",
   eprint = {1010.0289},
 primaryClass = "astro-ph.CO",
     year = 2011,
    month = jan,
   volume = 125,
    pages = {187-197},
   adsurl = {http://adsabs.harvard.edu/abs/2011PThPh.125..187S},
  adsnote = {Provided by the SAO/NASA Astrophysics Data System}
}

% Historical paper about correlation
@ARTICLE{1999MNRAS.308.1179M,
   author = {{Meiksin}, A. and {White}, M.},
    title = "{The growth of correlations in the matter power spectrum}",
  journal = {\mnras},
   eprint = {arXiv:astro-ph/9812129},
     year = 1999,
    month = oct,
   volume = 308,
    pages = {1179-1184},
      doi = {10.1046/j.1365-8711.1999.02825.x},
   adsurl = {http://adsabs.harvard.edu/abs/1999MNRAS.308.1179M},
  adsnote = {Provided by the SAO/NASA Astrophysics Data System}
}

%Shot noise and Gaussian
@ARTICLE{2006NewA...11..226C,
   author = {{Cohn}, J.~D.},
    title = "{Power spectrum and correlation function errors: Poisson vs. Gaussian shot noise}",
  journal = {New Astronomy},
   eprint = {arXiv:astro-ph/0503285},
 keywords = {Cosmology 98.80},
     year = 2006,
    month = jan,
   volume = 11,
    pages = {226-239},
      doi = {10.1016/j.newast.2005.08.002},
   adsurl = {http://adsabs.harvard.edu/abs/2006NewA...11..226C},
  adsnote = {Provided by the SAO/NASA Astrophysics Data System}
}

Fisher Info in Weak Lensing
@ARTICLE{2009arXiv0905.0501D,
   author = {{Dor{\'e}}, O. and {Lu}, T. and {Pen}, U.-L.},
    title = "{The Non-Linear Fisher Information content of cosmic shear surveys}",
  journal = {ArXiv e-prints},
archivePrefix = "arXiv",
   eprint = {0905.0501},
 primaryClass = "astro-ph.CO",
 keywords = {Astrophysics - Cosmology and Extragalactic Astrophysics},
     year = 2009,
    month = may,
   adsurl = {http://adsabs.harvard.edu/abs/2009arXiv0905.0501D},
  adsnote = {Provided by the SAO/NASA Astrophysics Data System}
}
 
@ARTICLE{2008MNRAS.388.1819L,
   author = {{Lu}, T. and {Pen}, U.-L.},
    title = "{Precision of diffuse 21-cm lensing}",
  journal = {\mnras},
archivePrefix = "arXiv",
   eprint = {0710.1108},
 keywords = {gravitational lensing , methods: N-body simulations , cosmology: observations , cosmology: theory , dark matter , large-scale structure of Universe},
     year = 2008,
    month = aug,
   volume = 388,
    pages = {1819-1830},
      doi = {10.1111/j.1365-2966.2008.13524.x},
   adsurl = {http://adsabs.harvard.edu/abs/2008MNRAS.388.1819L},
  adsnote = {Provided by the SAO/NASA Astrophysics Data System}
}

@ARTICLE{2002PhRvD..65f3001H,
   author = {{Huterer}, D.},
    title = "{Weak lensing and dark energy}",
  journal = {\prd},
   eprint = {arXiv:astro-ph/0106399},
 keywords = {Gravitational lenses and luminous arcs, Dark matter, Observational cosmology},
     year = 2002,
    month = mar,
   volume = 65,
   number = 6,
    pages = {063001-+},
      doi = {10.1103/PhysRevD.65.063001},
   adsurl = {http://adsabs.harvard.edu/abs/2002PhRvD..65f3001H},
  adsnote = {Provided by the SAO/NASA Astrophysics Data System}
}

@ARTICLE{1954ApJ...119..655L,
   author = {{Limber}, D.~N.},
    title = "{The Analysis of Counts of the Extragalactic Nebulae in Terms of a Fluctuating Density Field. II.}",
  journal = {\apj},
     year = 1954,
    month = may,
   volume = 119,
    pages = {655-+},
      doi = {10.1086/145870},
   adsurl = {http://adsabs.harvard.edu/abs/1954ApJ...119..655L},
  adsnote = {Provided by the SAO/NASA Astrophysics Data System}
}


% Lyman_alpha
@ARTICLE{2011MNRAS.415.2257M,
   author = {{McQuinn}, M. and {White}, M.},
    title = "{On estimating Ly{$\alpha$} forest correlations between multiple sightlines}",
  journal = {\mnras},
archivePrefix = "arXiv",
   eprint = {1102.1752},
 primaryClass = "astro-ph.CO",
 keywords = {intergalactic medium, quasars: absorption lines, cosmology: theory, large-scale structure of Universe},
     year = 2011,
    month = aug,
   volume = 415,
    pages = {2257-2269},
      doi = {10.1111/j.1365-2966.2011.18855.x},
   adsurl = {http://adsabs.harvard.edu/abs/2011MNRAS.415.2257M},
  adsnote = {Provided by the SAO/NASA Astrophysics Data System}
}

